@article{shneiderman2005shneiderman,
  title={Shneiderman's eight golden rules of interface design},
  author={Shneiderman, Ben},
  journal={Retrieved July},
  volume={25},
  pages={2009},
  year={2005}
}

@misc{nielsen2005ten,
  title={Ten usability heuristics},
  author={Nielsen, Jakob},
  year={2005},
  publisher={http://www. nngroup. com/articles/ten-usability-heuristics/(acc-essed December 19, 2013)}
}

@book{shneiderman2010designing,
  title={Designing the user interface: strategies for effective human-computer interaction},
  author={Shneiderman, Ben},
  year={2010},
  publisher={Pearson Education India}
}

@article{tognazzini2003first,
  title={First principles of interaction design},
  author={Tognazzini, Bruce},
  journal={Interaction design solutions for the real world, AskTog},
  year={2003}
}

@book{smith1986guidelines,
  title={Guidelines for designing user interface software},
  author={Smith, Sidney L and Mosier, Jane N},
  year={1986},
  publisher={Mitre Corporation Bedford, MA}
}

@misc{md,
  title={Material Design: Color - Style - Material Design},
  author={Google},
  year={2017},
  url="https://material.io/guidelines/style/color.html"
}

@misc{devd,
  title={Android Developers},
  author={Google},
  year={2017},
  url="Developer.android.com"
}


